@misc{USPMaua15,
	author = {{Denis Mauá}} ,
	title = {{Bayesian Networks}} ,
	year = 2015 ,
	url = {http://paca.ime.usp.br/pluginfile.php/73722/mod_resource/content/2/basics.pdf} ,
	url-date = {2015-06-03}
}

@misc{LabIA15,
  author = {{MAC5789 - PACA IME}},
  title = {{Laboratório de Inteligência Artificial}},
  year = 2015,
  url = {http://paca.ime.usp.br/course/view.php?id=898},
  urldate = {2015-05-20}
}

@misc{UCImain,
  author = {{Center for Machine Learning and Intelligent Systems}},
  title = {{UCI Machine Learning Repository}},
  year = 2007,
  url = {http://archive.ics.uci.edu/ml/index.html},
  urldate = {2015-06-07}
}

@misc{UCIadult96,
  author = {{Barry Becker}},
  title = {{Adult Data Set}},
  year = 1996,
  url = {http://archive.ics.uci.edu/ml/datasets/Adult},
  urldate = {2015-06-07}
}

@book{Satisfiability09,
	author = {{Victor W. Marek}} ,
	title = {{Introduction to Mathematics of Satisfiability}} ,
	year = {2009}
}